%% This BibTeX bibliography file was created using BibDesk.
%% http://bibdesk.sourceforge.net/


%% Created for jacob at 2014-10-11 18:16:29 +0200 


%% Saved with string encoding Unicode (UTF-8) 



@inbook{,
	Author = {},
	Chapter = {},
	Date-Added = {},
	Date-Modified = {},
	Edition = {},
	Editor = {},
	Keywords = {},
	Publisher = {},
	Title = {},
	Volume = {},
	Year = {}}

@book{,
	Author = {},
	Date-Added = {},
	Date-Modified = {},
	Edition = {},
	Editor = {},
	Keywords = {},
	Publisher = {},
	Title = {},
	Year = {}}

@misc{RiskRontgen,
	Author = {Sundhed.dk},
	Title = {Røntgenstråling og kræftrisiko}, 
	howpublished = {\https://www.sundhed.dk/borger/patienthaandbogen/undersoegelser/illustrationer/straaling/roentgenstraaling-og-kraeftrisiko/ },
	Note = {Senest besøgt den 08. december 2016}}

@article{SpanskStudie, 
	Author = {Misericordia Carles et al}, 
	Title = {Cost-effectiveness of early detection of breast cancer in Catalonia (Spain)l}, 
	Journal = {BMC Cancer}, 
	Year = {2011}, 
	Volume = {11:192}}

@article{Japan, 
	Author = {Noriaki Ohuchi et al}, 
	Title = {Sensitivity and specifi city of mammography and adjunctive ultrasonography to screen for breast cancer in the Japan Strategic Anti-cancer Randomized Trial (J-START): a randomised controlled trial}, 
	Journal = {The Lancet}, 
	Year = {2016}, 
	Volume = {Vol 387}}

@article{DenseBreast, 
	Author = {Monika Nothacker et al}, 
	Title = {Early detection of breast cancer: benefits and risks of supplemental breast ultrasound in asymptomatic women with mammographically dense breast tissue. A systematic review}, 
	Journal = {BMC Cancer}, 
	Year = {2009}, 
	Volume = {9:335}}

@article{NHS, 
	Author = {Paul D P Pharoah et al}, 
	Title = {Cost effectiveness of the NHS breast screening programme - life table model}, 
	Journal = {BMJ}, 
	Year = {2013}, 
	Volume = {Vol 346}}

@article{Panel, 
	Author = {Michael Marmot}, 
	Title = {The benefits and harms of breast cancer screening an independent review}, 
	Journal = {The Lancet}, 
	Year = {2012}, 
	Volume = { Vol 380}}

@article{Gotzche, 
	Author = {Gøtzche PC, Jørgensen KJ}, 
	Title = {Screening for breast cancer with mammography (Review)}, 
	Journal = {Cochrane}, 
	Year = {2013}, 
	Volume = {Issue 6}}

@misc{CancerSociety,
	Author = {American Cancer Society},
	Title = {Breast cancer survival rates, by stage}, 
	howpublished = {\url{http://www.cancer.org/cancer/breastcancer/detailedguide/breast-cancer-survival-by-stage }},
	Note = {Senest besøgt den 08. december 2016}} 

@misc{Argumenter,
	Author = {Sundhedsstyrelsen},
	Title = {Mammografi - Screening for brystkræft}, 
	howpublished = {\url{https://www.sst.dk/da/sygdom-og-behandling/screening/~/media/9F07C6DAC2D0434393D1A573DE6A7E3C.ashx}},
	Note = {Senest besøgt den 08. december 2016}} 

@misc{QALY,
	Author = {Sundhedsstyrelsen},
	Title = {Fotodynamisk behandling af karnydannelse bag øjets nethinde - en medicinsk teknologivurdering},
	howpublished = {\url{https://www.sst.dk/~/media/9D073C69B6B646E2A9412B9116064B0C.ashx}},
	Note = {Senest besøgt den 08. december 2016}} 

@misc{Lagemangel,
	Author = {Sundhedsstyrelsen},
	Title = {Bilag til Kræftplan II },
	howpublished = {\url{http://www.sst.dk/~/media/9A18089B746A4248BB9673DD1293642F.ashx}},
	Note = {Senest besøgt den 7. december 2016}} 

@misc{esundhed,
	Author = {esundhed.dk},
	Title = {Radiologiske Ydelser },
	howpublished = {\url{http://www.esundhed.dk/}},
	Note = {Senest besøgt 6. december 2016}} 

@misc{Ultralyd,
	Author = {Kræftens Bekæmpelse},
	Title = {Ultralydsscanning af brystet},
	howpublished = {\url{https://www.cancer.dk/hjaelp-viden/undersoegelser-for-kraeft/scanninger-billedundersoegelser/ultralydsscanning-af-brystet/}},
	Note = {Senest besøgt den 8. november 2016}} 

@misc{RumTransformation,
	Author = {Codind Labs},
	Title = {World, View and Projection Transformation Matrices},
	howpublished = {\url{http://www.codinglabs.net/article_world_view_projection_matrix.aspx/}},
	Note = {Senest besøgt den 7. november 2016}} 

@misc{Smooth,
	Author = {Wikipedia},
	Title = {Laplacian smoothing},
	howpublished = {\url{https://en.wikipedia.org/wiki/Laplacian_smoothing}},
	Note = {Senest besøgt den 5. december 2016}} 

@misc{Rontgenundersogelse,
	Author = {Kræftens Bekæmpelse},
	Title = {Ultralydsscanning},
	howpublished = {\url{https://www.cancer.dk/hjaelp-viden/undersoegelser-for-kraeft/scanninger-billedundersoegelser/roentgenundersoegelse/}},
	Note = {Senest besøgt den 21. november 2016}} 

@misc{Sundhedsstyrelsen,
	Author = {Sundhedsstyrelsen},
	Title = {Strålingsguiden, Ioniserende stråler},
	howpublished = {\url{http://www.sst.dk/~/media/98A1494A952441D99AEACEA02DA2DD19.ashx/}},
	Note = {Senest besøgt den 21. november 2016}} 

@misc{Ultralydsscanning,
	Author = {Kræftens Bekæmpelse},
	Title = {Ultralydsscanning},
	howpublished = {\url{https://www.cancer.dk/hjaelp-viden/undersoegelser-for-kraeft/scanninger-billedundersoegelser/ultralydsscanning/}},
	Note = {Senest besøgt den 21. november 2016}} 

@misc{Mand,
	Author = {Kræftens Bekæmpelse},
	Title = {Kort om brystkræft hos mænd},
	howpublished = {\url{https://www.cancer.dk/brystkraeft-maend-mammacancer/kort-om-brystkraeft-maend/}},
	Note = {Senest besøgt den 21. november 2016}} 

@misc{Udvikling,
	Author = {Kræftens Bekæmpelse},
	Title = {Udvikling af kræft},
	howpublished = {\url{https://www.cancer.dk/hjaelp-viden/fakta-om-kraeft/udvikling-af-kraeft/}},
	Note = {Senest besøgt den 21. november 2016}} 

@misc{Befolk,
	Author = {Danmarks Statisik},
	Title = {Befolkningsfremskrivning},
	howpublished = {\url{http://www.dst.dk/da/Statistik/emner/befolkning-og-befolkningsfremskrivning/befolkningsfremskrivning?tab=dok}},
	Note = {Senest besøgt den 9. november 2016}} 

@misc{Statistik,
	Author = {Kræftens Bekæmpelse},
	Title = {Statistik om brystkræft},
	howpublished = {\url{https://www.cancer.dk/brystkraeft-mammacancer/statistik-brystkraeft/}},
	Note = {Senest besøgt den 9. november 2016}} 

@misc{Afsloring,
	Author = {EVBHealth},
	Title = {Ultralyd for brystkræft afsløring},
	howpublished = {\url{http://evb.volien.com/ultralyd-for-brystkraft-afsloring}},
	Note = {Senest besøgt den 9. november 2016}} 

@misc{Bryst,
	Author = {Kræftens Bekæmpelse},
	Title = {Om brystet},
	howpublished = {\url{https://www.cancer.dk/brystkraeft-mammacancer/biologiske-fakta-brystet/}},
	Note = {Senest besøgt den 21. november 2016}} 

@misc{Lon,
	Author = {Løn Info},
	Title = {Lønstatistik},
	howpublished = {\url{http://xn--ln-lka.info/ }},
	Note = {Senest besøgt den 29. november 2016}} 

@misc{KinectAPI,
	Author={Microsoft},
	Title = {Kinect API Overview},
	howpublished = {\url{https://msdn.microsoft.com/en-us/library/dn782033.aspx}},
	Note = {Senest besøgt d. 7. december 2016}}

@misc{KinectFusion,
	Author={Microsoft},
	Title = {Kinect Fusion Overview},
	howpublished = {\url{https://msdn.microsoft.com/en-us/library/dn188670.aspx}},
	Note = {Senest besøgt d. 7. december 2016}}

@misc{KinectFusionExplorer,
	Author={Microsoft},
	Title = {Kinect Fusion Explorer},
	howpublished = {\url{https://msdn.microsoft.com/en-us/library/dn193975.aspx}},
	Note = {Senest besøgt d. 7. december 2016}}

@misc{Arv,
	Author = {Kræftens Bekæmpelse},
	Title = {Arvelighed som årsag til brystkræft},
	howpublished = {\url{https://www.cancer.dk/brystkraeft-mammacancer/aarsager-brystkraeft/aarsager-brystkraeft-arvelighed/}},
	Note = {Senest besøgt den 9. november 2016}} 

@misc{Klasse,
	Author = {Lægemiddelstyrelsen},
	Title = {Vejledning til fabrikanter af medicinsk udstyr i klasse 1},
	howpublished = {\url{https://laegemiddelstyrelsen.dk/da/udstyr/lovgivning-og-vejledning/sundhedsstyrelsens-vejledninger/vejledning-til-fabrikanter-af-medicinsk-udstyr-i-klasse-i}},
	Note = {Senest besøgt den 8. november 2016}}

@misc{Lars,
	Author = {Stadionklinikken},
	Title = {Lars Bolvig},
	howpublished = {\url{http://annefredberg1.wixsite.com/stadionklinikken/lars-bolvig}},
	Note = {Senest  besøgt den 8. november 2016}}

@article{MDD,
	Author = {Rådet for de Europæiske Fællesskaber},
	Title = {Medical Device Directive 93/42/EØF},
	Month = {Oktober},
	Year = {2007},
	Note= {Dansk udgave}}

@article{software,
	Author = {Dansk standard},
	Title = {DS/EN 62304. Software for medicinsk udstyr – Livscyklusprocesser for software.},
	Note= {1. udgave, 12. september 2006}}

@article{14971,
	Author = {Danish Standards Foundation},
	Title = {DS/EN ISO 14971. Medical devices – Application of risk management to medical devices},
	Note= {6. udgave edition, 21. December 2012}}

@article{13485,
	Author = {Danish Standards Foundation},
	Title = {DS/EN ISO 13485. Medical devices – Quality
management systems – Requirements for regulatory purposes},
	Note= {3. udgave edition, 28.
Februar 2012}}


@misc{SysML,
	Author = {Jakob Sulby},
	Title = {Ultralydsscanning},
	howpublished = {\url{http://tekniskit.blogspot.dk/2013/03/eksamensforberedelser.html}},
	Note = {Senest besøgt den 14. november 2016}} 

@misc{UML,
	Author = {SuperUsers},
	Title = {UML},
	howpublished = {\url{http://www.superusers.dk/artikel/uml/}},
	Note = {Senest besøgt den 14. november 2016}} 

@comment{BibDesk Static Groups{
<?xml version="1.0" encoding="UTF-8"?>
<!DOCTYPE plist PUBLIC "-//Apple//DTD PLIST 1.0//EN" "http://www.apple.com/DTDs/PropertyList-1.0.dtd">
<plist version="1.0">
<array>
	<dict>
		<key>group name</key>
		<string>Bøger</string>
		<key>keys</key>
		<string>Sand:2006aa,Sobotta:2006aa,Silbernagl:2009aa,Ivarsen:2013aa,Webster:2009aa,Boron:2009aa</string>
	</dict>
</array>
</plist>
}}
